@ARTICLE{Maaskola2013,
  author = {Jonas Maaskola* and Nikolaus Rajewsky},
  title = {{B}inding site discovery from nucleic acid sequences by discriminative
        learning of hidden {M}arkov models},
  journal = {Nucleic Acids Res},
  year = {2013},
  volume = {in peer review},
  owner = {maaskola},
  timestamp = {2013.06.11}
}
